@article{zheng2011bilateral,
  title={Bilateral normal filtering for mesh denoising},
  author={Zheng, Youyi and Fu, Hongbo and Au, Oscar Kin-Chung and Tai, Chiew-Lan},
  journal={IEEE Transactions on Visualization and Computer Graphics},
  volume={17},
  number={10},
  pages={1521--1530},
  year={2011},
  publisher={IEEE}
}

@article{sun2007fast,
  title={Fast and effective feature-preserving mesh denoising},
  author={Sun, Xianfang and Rosin, Paul and Martin, Ralph and Langbein, Frank},
  journal={IEEE transactions on visualization and computer graphics},
  volume={13},
  number={5},
  pages={925--938},
  year={2007},
  publisher={IEEE}
}

@article{Zhang2015Filter,
author = {Wangyu Zhang and Bailin Deng and Juyong Zhang and Sofien Bouaziz and Ligang Liu},
title = {Guided Mesh Normal Filtering},
journal = {Computer Graphics Forum (Special Issue of Pacific Graphics 2015)},
volume = {34},
issue = {7},
pages = {23-34},
year = {2015}
}

@article{Petschnigg2004,
  title={Digital photography with flash and no-flash image pairs},
  author={Petschnigg, Georg and Szeliski, Richard and Agrawala, Maneesh and Cohen, Michael and Hoppe, Hugues and Toyama, Kentaro},
  journal={ACM transactions on graphics (TOG)},
  volume={23},
  number={3},
  pages={664--672},
  year={2004},
  publisher={ACM}
}

@article{Solomon2014general,
  title={A general framework for bilateral and mean shift filtering},
  author={Solomon, Justin and Crane, Keenan and Butscher, Adrian and Wojtan, Chris},
  journal={CoRR abs/1405.4734},
  volume={8},
  number={9},
  year={2014},
  publisher={Citeseer}
}

@inproceedings{jones2003non,
  title={Non-iterative, feature-preserving mesh smoothing},
  author={Jones, Thouis R and Durand, Fr{\'e}do and Desbrun, Mathieu},
  booktitle={ACM Transactions on Graphics (TOG)},
  volume={22},
  number={3},
  pages={943--949},
  year={2003},
  organization={ACM}
}

@inproceedings{he2010guided,
  title={Guided image filtering},
  author={He, Kaiming and Sun, Jian and Tang, Xiaoou},
  booktitle={European conference on computer vision},
  pages={1--14},
  year={2010},
  organization={Springer}
}

@inproceedings{tomasi1998bilateral,
  title={Bilateral filtering for gray and color images},
  author={Tomasi, Carlo and Manduchi, Roberto},
  booktitle={Computer Vision, 1998. Sixth International Conference on},
  pages={839--846},
  year={1998},
  organization={IEEE}
}

@inproceedings{fleishman2003bilateral,
  title={Bilateral mesh denoising},
  author={Fleishman, Shachar and Drori, Iddo and Cohen-Or, Daniel},
  booktitle={ACM transactions on graphics (TOG)},
  volume={22},
  number={3},
  pages={950--953},
  year={2003},
  organization={ACM}
}

@inproceedings{Chang2015propagated,
  title={Propagated image filtering},
  author={Chang, Jen-Hao Rick and Wang, Yu-Chiang Frank},
  booktitle={2015 IEEE Conference on Computer Vision and Pattern Recognition (CVPR)},
  pages={10--18},
  year={2015},
  organization={IEEE}
}

@article{he2013mesh,
  title={Mesh denoising via $L_0$ minimization},
  author={He, Lei and Schaefer, Scott},
  journal={ACM Transactions on Graphics (TOG)},
  volume={32},
  number={4},
  pages={64},
  year={2013},
  publisher={ACM}
}

@inproceedings{belyaev2003comparison,
  title={A comparison of mesh smoothing methods},
  author={Belyaev, Alexander and Ohtake, Yutaka},
  booktitle={Israel-Korea Bi-national conference on geometric modeling and computer graphics},
  volume={2},
  year={2003},
  organization={Citeseer}
}

@article{Wang2014decoupling,
  title={Decoupling noise and features via weighted $L_1$-analysis compressed sensing},
  author={Wang, Ruimin and Yang, Zhouwang and Liu, Ligang and Deng, Jiansong and Chen, Falai},
  journal={ACM Transactions on Graphics (TOG)},
  volume={33},
  number={2},
  pages={18},
  year={2014},
  publisher={ACM}
}

@article{nehorai2000performance,
  title={Performance bounds for estimating vector systems},
  author={Nehorai, Arye and Hawkes, Malcolm},
  journal={IEEE Transactions on Signal Processing},
  volume={48},
  number={6},
  pages={1737--1749},
  year={2000},
  publisher={IEEE}
}

@article{grazzini2009edge,
  title={Edge-preserving smoothing using a similarity measure in adaptive geodesic neighbourhoods},
  author={Grazzini, Jacopo and Soille, Pierre},
  journal={Pattern Recognition},
  volume={42},
  number={10},
  pages={2306--2316},
  year={2009},
  publisher={Elsevier}
}

@article{Wang2008comprehensive,
  title={A comprehensive survey on three-dimensional mesh watermarking},
  author={Wang, Kai and Lavou{\'e}, Guillaume and Denis, Florence and Baskurt, Atilla},
  journal={IEEE Transactions on Multimedia},
  volume={10},
  number={8},
  pages={1513--1527},
  year={2008},
  publisher={IEEE}
}


@inproceedings{oh2001image,
  title={Image-based modeling and photo editing},
  author={Oh, Byong Mok and Chen, Max and Dorsey, Julie and Durand, Fr{\'e}do},
  booktitle={Proceedings of the 28th annual conference on Computer graphics and interactive techniques},
  pages={433--442},
  year={2001},
  organization={ACM}
}

@inproceedings{durand2002fast,
  title={Fast bilateral filtering for the display of high-dynamic-range images},
  author={Durand, Fr{\'e}do and Dorsey, Julie},
  booktitle={ACM transactions on graphics (TOG)},
  volume={21},
  number={3},
  pages={257--266},
  year={2002},
  organization={ACM}
}

@article{Barash2004common,
  title={A common framework for nonlinear diffusion, adaptive smoothing, bilateral filtering and mean shift},
  author={Barash, Danny and Comaniciu, Dorin},
  journal={Image and Vision Computing},
  volume={22},
  number={1},
  pages={73--81},
  year={2004},
  publisher={Elsevier}
}

@article{Wang2006bilateral,
  title={Bilateral recovering of sharp edges on feature-insensitive sampled meshes},
  author={Wang, Charlie CL},
  journal={IEEE Transactions on Visualization and Computer Graphics},
  volume={12},
  number={4},
  pages={629--639},
  year={2006},
  publisher={IEEE}
}

@inproceedings{yagou2002mesh,
  title={Mesh smoothing via mean and median filtering applied to face normals},
  author={Yagou, Hirokazu and Ohtake, Yutaka and Belyaev, Alexander},
  booktitle={Geometric Modeling and Processing, 2002. Proceedings},
  pages={124--131},
  year={2002},
  organization={IEEE}
}

@article{chen2005sharpness,
  title={A sharpness dependent filter for mesh smoothing},
  author={Chen, Chun-Yen and Cheng, Kuo-Young},
  journal={Computer Aided Geometric Design},
  volume={22},
  number={5},
  pages={376--391},
  year={2005},
  publisher={Elsevier}
}

@article{sun2008random,
  title={Random walks for feature-preserving mesh denoising},
  author={Sun, Xianfang and Rosin, Paul L and Martin, Ralph R and Langbein, Frank C},
  journal={Computer Aided Geometric Design},
  volume={25},
  number={7},
  pages={437--456},
  year={2008},
  publisher={Elsevier}
}

@article{Wang2015rolling,
  title={Rolling guidance normal filter for geometric processing},
  author={Wang, Peng-Shuai and Fu, Xiao-Ming and Liu, Yang and Tong, Xin and Liu, Shi-Lin and Guo, Baining},
  journal={ACM Transactions on Graphics (TOG)},
  volume={34},
  number={6},
  pages={173},
  year={2015},
  publisher={ACM}
}

@article{bian2011feature,
  title={Feature-preserving mesh denoising based on vertices classification},
  author={Bian, Zhe and Tong, Ruofeng},
  journal={Computer Aided Geometric Design},
  volume={28},
  number={1},
  pages={50--64},
  year={2011},
  publisher={Elsevier}
}

@article{fan2010robust,
  title={Robust feature-preserving mesh denoising based on consistent subneighborhoods},
  author={Fan, Hanqi and Yu, Yizhou and Peng, Qunsheng},
  journal={IEEE Transactions on Visualization and Computer Graphics},
  volume={16},
  number={2},
  pages={312--324},
  year={2010},
  publisher={IEEE}
}

@article{wang2012cascaded,
  title={A cascaded approach for feature-preserving surface mesh denoising},
  author={Wang, Jun and Zhang, Xi and Yu, Zeyun},
  journal={Computer-Aided Design},
  volume={44},
  number={7},
  pages={597--610},
  year={2012},
  publisher={Elsevier}
}

@article{wei2015bi,
  title={Bi-normal filtering for mesh denoising},
  author={Wei, Mingqiang and Yu, Jinze and Pang, Wai-Man and Wang, Jun and Qin, Jing and Liu, Ligang and Heng, Pheng-Ann},
  journal={IEEE transactions on visualization and computer graphics},
  volume={21},
  number={1},
  pages={43--55},
  year={2015},
  publisher={IEEE}
}

@inproceedings{Zhang2014rolling,
  title={Rolling guidance filter},
  author={Zhang, Qi and Shen, Xiaoyong and Xu, Li and Jia, Jiaya},
  booktitle={European Conference on Computer Vision},
  pages={815--830},
  year={2014},
  organization={Springer}
}
