@article{zheng2011bilateral,
  title={Bilateral normal filtering for mesh denoising},
  author={Zheng, Youyi and Fu, Hongbo and Au, Oscar Kin-Chung and Tai, Chiew-Lan},
  journal={IEEE Transactions on Visualization and Computer Graphics},
  volume={17},
  number={10},
  pages={1521--1530},
  year={2011},
  publisher={IEEE}
}

@article{Petschnigg2004,
  title={Digital photography with flash and no-flash image pairs},
  author={Petschnigg, Georg and Szeliski, Richard and Agrawala, Maneesh and Cohen, Michael and Hoppe, Hugues and Toyama, Kentaro},
  journal={ACM transactions on graphics (TOG)},
  volume={23},
  number={3},
  pages={664--672},
  year={2004},
  publisher={ACM}
}

@article{Solomon2014general,
  title={A general framework for bilateral and mean shift filtering},
  author={Solomon, Justin and Crane, Keenan and Butscher, Adrian and Wojtan, Chris},
  journal={CoRR abs/1405.4734},
  volume={8},
  number={9},
  year={2014},
  publisher={Citeseer}
}

@inproceedings{jones2003non,
  title={Non-iterative, feature-preserving mesh smoothing},
  author={Jones, Thouis R and Durand, Fr{\'e}do and Desbrun, Mathieu},
  booktitle={ACM Transactions on Graphics (TOG)},
  volume={22},
  number={3},
  pages={943--949},
  year={2003},
  organization={ACM}
}

@inproceedings{he2010guided,
  title={Guided image filtering},
  author={He, Kaiming and Sun, Jian and Tang, Xiaoou},
  booktitle={European conference on computer vision},
  pages={1--14},
  year={2010},
  organization={Springer}
}

@inproceedings{tomasi1998bilateral,
  title={Bilateral filtering for gray and color images},
  author={Tomasi, Carlo and Manduchi, Roberto},
  booktitle={Computer Vision, 1998. Sixth International Conference on},
  pages={839--846},
  year={1998},
  organization={IEEE}
}

@inproceedings{fleishman2003bilateral,
  title={Bilateral mesh denoising},
  author={Fleishman, Shachar and Drori, Iddo and Cohen-Or, Daniel},
  booktitle={ACM transactions on graphics (TOG)},
  volume={22},
  number={3},
  pages={950--953},
  year={2003},
  organization={ACM}
}

@inproceedings{Chang2015propagated,
  title={Propagated image filtering},
  author={Chang, Jen-Hao Rick and Wang, Yu-Chiang Frank},
  booktitle={2015 IEEE Conference on Computer Vision and Pattern Recognition (CVPR)},
  pages={10--18},
  year={2015},
  organization={IEEE}
}

@misc{Authors12,
 author = {Authors},
 title = {The frobnicatable foo filter},
 note = {Face and Gesture  submission ID 324. Supplied as additional material {\tt fg324.pdf}},
 year = 2012
}

@misc{Authors12b,
 author = {Authors},
 title = {Frobnication tutorial},
 note = {Supplied as additional material {\tt tr.pdf}},
 year = 2012
}

@article{Alpher02,
author = {A. Alpher},
title = {Frobnication},
journal = {Journal of Foo},
volume = 12,
number = 1,
pages = {234--778},
year = 2002
}

@article{Alpher03,
author = {A. Alpher and  J.~P.~N. Fotheringham-Smythe},
title = {Frobnication revisited},
journal = {Journal of Foo},
volume = 13,
number = 1,
pages = {234--778},
year = 2003
}

@article{Alpher04,
author = {A. Alpher and J.~P.~N. Fotheringham-Smythe and G. Gamow},
title = {Can a machine frobnicate?},
journal = {Journal of Foo},
volume = 14,
number = 1,
pages = {234--778},
year = 2004
}
